%@online{www:nist,
%  organization = "National Institute of Standards and Technology (NIST)",
%  title = "Chinese postman problem",
%  url = "http://xlinux.nist.gov/dads//HTML/chinesePostman.html",
%%  urldate = "2015-02-24"
%}
@misc{www:android-wifi-p2p,
	author = {developer.android.com},
	organization = {Google},
	title = {{Dokumentacja Android \emph{Wi-Fi Peer-to-Peer}}},
	howpublished = "\url{http://developer.android.com/guide/topics/connectivity/wifip2p.html}"
}

@misc{www:android-wifi-p2p-tutorial,
	author = {developer.android.com},
	organization = {Google},
	title = {{Tutorial Android \emph{Creating P2P Connections with Wi-Fi}}},
	howpublished = "\url{http://developer.android.com/training/connect-devices-wirelessly/wifi-direct.html}"
}

@misc{www:best-existing-android-intercom,
	author = {play.google.com},
	organization = {Google},
	title = {{Aplikacja na Androida \emph{Intercom for Android}}},
	howpublished = "\url{https://play.google.com/store/apps/details?id=com.androidintercom}"
}

@misc{www:existing-android-intercoms,
	author = {play.google.com},
	organization = {Google},
	title = {{Aplikacje typu intercom na Androida}},
	howpublished = "\url{https://play.google.com/store/search?q=intercom&c=apps}"
}

@misc{www:bike-intercom,
	author = {Vertix},
	organization = {Vertix},
	title = {{Producent bezprzewodowych rozwiązań dla rowerzystów}},
	howpublished = "\url{http://www.vertixglobal.com/}"
}

@misc{www:bike-intercom-mce,
	author = {getgeared.co.uk},
	organization = {getgeared.co.uk},
	title = {{Sklep dla motocyklistów \emph{getgeared.co.uk}}},
	howpublished = "\url{http://www.getgeared.co.uk/Portable_Electronics/Motorcycle_Communication_Systems}"
}

