@misc{www:campagnolo-shifts-video,
	author = {YouTube},
	organization = {Campagnolo},
	title = {{Przerzutki \emph{Campagnolo Super Record EPS} -- prezentacja video}},
	howpublished = "\url{https://www.youtube.com/watch?v=va2paBbTDP0}"
}

@misc{www:campagnolo-shifts,
	author = {Campagnolo},
	organization = {Campagnolo},
	title = {{Przerzutki \emph{Campagnolo Super Record EPS}}},
	howpublished = "\url{http://www.campagnolo.com/BE/en/Electronic_Groupsets/super_record_eps/road}"
}

@misc{www:campagnolo-computer-video,
	author = {YouTube},
	organization = {Campagnolo},
	title = {{Elektroniczny moduł \emph{Campagnolo DTI EPS V3 Interface} -- prezentacja video}},
	howpublished = "\url{https://www.youtube.com/watch?v=7eQjHXiVoBo}"
}

@misc{www:campagnolo-computer,
	author = {Campagnolo},
	organization = {Campagnolo},
	title = {{Elektroniczny moduł \emph{Campagnolo DTI EPS V3 Interface}}},
	howpublished = "\url{http://www.campagnolo.com/BE/en/Components/dti_eps_v3_interface}"
}

@misc{www:campagnolo-computer-adjustment-video,
	author = {YouTube},
	organization = {Campagnolo},
	title = {{Ustawienie elektronicznych modułów \emph{Campagnolo} -- prezentacja video}},
	howpublished = "\url{https://www.youtube.com/watch?v=ItwlZV93jf4}"
}

@misc{www:racing-bikes,
	author = {Sklep rowerowy \emph{Performance Bike}},
	organization = {Performance Bike},
	title = {{Ceny zawodowych rowerów kolarskich}},
	howpublished = "\url{http://www.performancebike.com/bikes/CategoryDisplay?storeId=10052&catalogId=10551&orderBy=3&categoryId=400315}"
}

@misc{www:tdf-bike,
	author = {Road Cycling UK},
	organization = {Road Cycling UK},
	title = {{Przegląd rowerów na \emph{Tour de France 2014}}},
	howpublished = "\url{https://roadcyclinguk.com/gear/new-bikes-2014-tour-de-france-trek-canyon-specialized-merida-fuji-colnago-pinarello.html}"
}

@misc{www:bike-intercom,
	author = {Vertix},
	organization = {Vertix},
	title = {{Producent bezprzewodowych rozwiązań dla rowerzystów}},
	howpublished = "\url{http://www.vertixglobal.com/}"
}

@misc{www:bike-intercom-mce,
	author = {getgeared.co.uk},
	organization = {getgeared.co.uk},
	title = {{Sklep dla motocyklistów \emph{getgeared.co.uk}}},
	howpublished = "\url{http://www.getgeared.co.uk/Portable_Electronics/Motorcycle_Communication_Systems}"
}

@misc{www:android-wifi-p2p,
	author = {developer.android.com},
	organization = {Google},
	title = {{Dokumentacja Android \emph{Wi-Fi Peer-to-Peer}}},
	howpublished = "\url{http://developer.android.com/guide/topics/connectivity/wifip2p.html}"
}

@misc{www:android-wifi-p2p-tutorial,
	author = {developer.android.com},
	organization = {Google},
	title = {{Tutorial Android \emph{Creating P2P Connections with Wi-Fi}}},
	howpublished = "\url{http://developer.android.com/training/connect-devices-wirelessly/wifi-direct.html}"
}

@misc{www:best-existing-android-intercom,
	author = {play.google.com},
	organization = {Google},
	title = {{Aplikacja na Androida \emph{Intercom for Android}}},
	howpublished = "\url{https://play.google.com/store/apps/details?id=com.androidintercom}"
}

@misc{www:existing-android-intercoms,
	author = {play.google.com},
	organization = {Google},
	title = {{Aplikacje typu intercom na Androida}},
	howpublished = "\url{https://play.google.com/store/search?q=intercom&c=apps}"
}
